@misc{yuan2021adelic,
      title={Adelic line bundles over quasi-projective varieties}, 
      author={Xinyi Yuan and Shou-Wu Zhang},
      year={2021},
      eprint={2105.13587},
      archivePrefix={arXiv},
      primaryClass={math.NT}
}
@misc{yuan2021arithmetic,
      title={Arithmetic bigness and a uniform Bogomolov-type result}, 
      author={Xinyi Yuan},
      year={2021},
      eprint={2108.05625},
      archivePrefix={arXiv},
      primaryClass={math.NT}
}